@inproceedings{wang20123us,
  title={A 3us wake-up time nonvolatile processor based on ferroelectric flip-flops},
  author={Wang, Yiqun and Liu, Yongpan and Li, Shuangchen and Zhang, Daming and Zhao, Bo and Chiang, Mei-Fang and Yan, Yanxin and Sai, Baiko and Yang, Huazhong},
  booktitle={2012 Proceedings of ESSCIRC (ESSCIRC)},
  pages={149--152},
  year={2012},
  organization={IEEE}
}

@inproceedings{wang2017a130nm,
  title={A 130nm FeRAM-based parallel recovery nonvolatile SOC for normally-OFF operations with 3.9x faster running speed and 11x higher energy efficiency using fast power-on detection and nonvolatile radio controller},
  author={Wang, Zhibo and Su, Fang and Li, Zeiwei and Li, Xueqing and Yoshimura, Ryuji and Naiki, Takashi and Tsuwa, Takashi and Saito, Takahiko and Wang, Zhongjun and Taniuchi, Koji and Chang, Meng-Fan and Yang, Huazhong and Liu, Yongpan},
  booktitle={Symposia on VLSI Technology and Circuits},
  pages={C336-C337},
  year={2017},
  organization={IEEE}
}

@article{Lucia2015,
author = {Lucia, Brandon and Ransford, Benjamin},
doi = {10.1145/2737924.2737978},
isbn = {9781450334686},
issn = {0362-1340},
journal = {Proceedings of the 36th ACM SIGPLAN Conference on Programming Language Design and Implementation - PLDI 2015},
keywords = {Intermittent Computing},
pages = {575--585},
title = {{A simpler, safer programming and execution model for intermittent systems}},
year = {2015}
}

@inproceedings{van2016intermittent,
  title={Intermittent computation without hardware support or programmer intervention},
  author={Van Der Woude, Joel and Hicks, Matthew},
  booktitle={Proceedings of OSDI'16: 12th USENIX Symposium on Operating Systems Design and Implementation},
  pages={17},
  year={2016}
}

@inproceedings{colin2016chain,
  title={Chain: tasks and channels for reliable intermittent programs},
  author={Colin, Alexei and Lucia, Brandon},
  booktitle={Proceedings of the 2016 ACM SIGPLAN International Conference on Object-Oriented Programming, Systems, Languages, and Applications},
  pages={514--530},
  year={2016},
  organization={ACM}
}

@article{Xie2015,
author = {Xie, Mimi and Zhao, Mengying and Pan, Chen and Hu, Jingtong and Liu, Yongpan and Xue, Chun Jason},
doi = {10.1145/2744769.2744842},
isbn = {9781450335201},
issn = {0738100X},
journal = {Proceedings of the 52nd Annual Design Automation Conference on - DAC '15},
pages = {1--6},
title = {{Fixing the broken time machine}},
year = {2015}
}


@inproceedings{li2016performance,
  title={Performance-aware task scheduling for energy harvesting nonvolatile processors considering power switching overhead},
  author={Li, Hehe and Liu, Yongpan and Fu, Chenchen and Xue, Chun Jason and Xiang, Donglai and Yue, Jinshan and Li, Jinyang and Zhang, Daming and Hu, Jingtong and Yang, Huazhong},
  booktitle={Proceedings of the 53rd Annual Design Automation Conference},
  pages={156},
  year={2016},
  organization={ACM}
}

@inproceedings{li2016hw,
  title={HW/SW co-design of nonvolatile IO system in energy harvesting sensor nodes for optimal data acquisition},
  author={Li, Zewei and Liu, Yongpan and Zhang, Daming and Xue, Chun Jason and Wang, Zhangyuan and Shi, Xin and Sun, Wenyu and Shu, Jiwu and Yang, Huazhong},
  booktitle={Proceedings of the 53rd Annual Design Automation Conference},
  pages={154},
  year={2016},
  organization={ACM}
}

@inproceedings{liu2016a,
  title={A 65nm ReRAM-enabled nonvolatile processor with 6x reduction in restore time and 4x higher clock frequency using adaptive data retention and self-write-termination nonvolatile logic},
  author={Liu, Yongpan and Wang, Zhibo and Lee, Albert and Su, Fang and Lo, Chieh-Pu and Yuan, Zhe and Lin, Chien-Chen and Wei, Qi and Wang, Yu and King, Ya-Chin and others},
  booktitle={2016 IEEE International Solid-State Circuits Conference (ISSCC)},
  pages={84--86},
  year={2016},
  organization={IEEE}
}

@inproceedings{wang2017a,
  title={A 65-nm ReRAM-Enabled Nonvolatile Processor With Time-Space Domain Adaption and Self-Write-Termination Achieving >4x Faster Clock Frequency and >6x Higher Restore Speed},
  author={Wang, Zhibo and Liu, Yongpan and Lee, Albert and Su, Fang and Lo, Chieh-Pu and Yuan, Zhe and Li, Jingyang and Lin, Chien-chen and Chen, Wei-Hao and Chiu, Hsiao-Yun and Lin, Wei-En and King, Ya-Chin and Lin, Chrong-Jung and Amiri, Pedram and Wang, Kang-Lung and Chang, Meng-Fan and Yang, Huazhong},
  booktitle={IEEE Journal of Solid State Circuits (JSSC)},
  year={2017},
  organization={IEEE}
  }

@article{Su2016A,
  title={A Ferroelectric Nonvolatile Processor with 46 μs System-Level Wake-up Time and 14 μs Sleep Time for Energy Harvesting Applications},
  author={Su, Fang and Liu, Yongpan and Wang, Yiqun and Yang, Huazhong},
  journal={IEEE Transactions on Circuits & Systems I Regular Papers},
  volume={PP},
  number={99},
  pages={1-12},
  year={2016},
}

@inproceedings{Liu2015Ambient,
  title={Ambient energy harvesting nonvolatile processors: From circuit to system},
  author={Liu, Yongpan and Li, Zewei and Li, Hehe and Wang, Yiqun and Li, Xueqing and Ma, Kaisheng and Li, Shuangchen and Chang, Meng Fan and John, Sampson and Xie, Yuan},
  booktitle={Design Automation Conference},
  pages={150},
  year={2015},
}

@phdthesis{ransford2013transiently,
  title={Transiently powered computers},
  author={Ransford, Benjamin},
  year={2013},
  school={University of Massachusetts Amherst}
}

@article{ransford2012mementos,
  title={Mementos: System support for long-running computation on RFID-scale devices},
  author={Ransford, Benjamin and Sorber, Jacob and Fu, Kevin},
  journal={ASPLOS 2011, Acm Sigplan Notices},
  volume={47},
  number={4},
  pages={159--170},
  year={2012},
  publisher={ACM}
}

@article{balsamo2015hibernus,
  title={Hibernus: Sustaining computation during intermittent supply for energy-harvesting systems},
  author={Balsamo, Domenico and Weddell, Alex S and Merrett, Geoff V and Al-Hashimi, Bashir M and Brunelli, Davide and Benini, Luca},
  journal={Embedded Systems Letters, IEEE},
  volume={7},
  number={1},
  pages={15--18},
  year={2015},
  publisher={IEEE}
}

@article{Balsamo2016Hibernus++,
  title={Hibernus++: A Self-Calibrating and Adaptive System for Transiently-Powered Embedded Devices},
  author={Balsamo, Domenico and Weddell, Alex and Das, Anup and Arreola, Alberto and Brunelli, Davide and Al-Hashimi, Bashir and Merrett, Geoff and Benini, Luca},
  journal={IEEE Transactions on Computer-Aided Design of Integrated Circuits and Systems},
  volume={PP},
  number={99},
  pages={1-1},
  year={2016},
}

@article{jayakumar2015q,
  title={Q uick R ecall: A HW/SW Approach for Computing across Power Cycles in Transiently Powered Computers},
  author={Jayakumar, Hrishikesh and Raha, Arnab and Lee, Woo Suk and Raghunathan, Vijay},
  journal={ACM Journal on Emerging Technologies in Computing Systems (JETC)},
  volume={12},
  number={1},
  pages={8},
  year={2015},
  publisher={ACM}
}

@inproceedings{jayakumar2014quickrecall,
  title={QuickRecall: A low overhead HW/SW approach for enabling computations across power cycles in transiently powered computers},
  author={Jayakumar, Harishankar and Raha, Arnab and Raghunathan, Vijay},
  booktitle={2014 13th International Conference on Embedded Systems},
  pages={330--335},
  year={2014},
  organization={IEEE}
}

@inproceedings{Hrishikesh2016Energy,
  title={Energy-Aware Memory Mapping for Hybrid FRAM-SRAM MCUs in IoT Edge Devices},
  author={Hrishikesh Jayakumar and Arnab Raha and Vijay Raghunathan},
  booktitle={International Conference on Vlsi Design and 2016  International Conference on Embedded Systems},
  pages={264-269},
  year={2016},
}

@inproceedings{wang2014mppt,
  title={Storage-less and converter-less maximum power point tracking of photovoltaic cells for a nonvolatile microprocessor},
  author={Wang, Cong and Chang, Naehyuck and Kim, Younghyun and Park, Sanyoung and Liu, Yongpan and Lee, Hyung Gyu and Luo, Rong and Yang, Huazhong},
  booktitle={2014 19th Asia and South Pacific Design Automation Conference (ASP-DAC) },
  pages={379--384},
  year={2014},
  organization={IEEE}
}

@misc{midc2015solar,
author = {Measurement and Instruction Data Center (MIDC)},
howpublished = {\url{http://www.nrel.gov/midc/srrl_bms/}}
}

@inproceedings{Ma2015Architecture,
  title={Architecture exploration for ambient energy harvesting nonvolatile processors},
  author={Ma, Kaisheng. and Zheng, Yang and Li, Shuangchen and Swaminathan, Karthik and Li, Xueqing and Liu, Yongpan and Sampson, Jack and Xie, Yuan and Narayanan, Vijaykrishnan},
  booktitle={2015 IEEE 21st International Symposium on High Performance Computer Architecture (HPCA)},
  pages={526 - 537},
  year={2015}
}

@article{Abas2015Solar,
  title={Solar-Powered Smart Wireless Camera Network for Outdoor Monitoring},
  author={Abas, Kevin Mathys},
  journal={Dissertations \& Theses - Gradworks},
  year={2015},
}

@article{Alippi2011A,
  title={A Robust, Adaptive, Solar-Powered WSN Framework for Aquatic Environmental Monitoring},
  author={Alippi, Cesare and Camplani, Romolo and Galperti, Cristian and Roveri, Manuel},
  journal={IEEE Sensors Journal},
  volume={11},
  number={1},
  pages={45-55},
  year={2011},
}

@article{Malaver2014Development,
  title={Development and Integration of a Solar Powered Unmanned Aerial Vehicle and a Wireless Sensor Network to Monitor Greenhouse Gases},
  author={Malaver, Alexander and Motta, Nunzio and Corke, Peter and Gonzalez, Felipe},
  journal={Sensors},
  volume={15},
  number={2},
  pages={4072-4096},
  year={2014},
}

@inproceedings{Rojas2015Design,
  title={Design and flight testing of an integrated solar powered UAV and WSN for remote gas sensing},
  author={Rojas, Alexander Jairo and Gonzalez, Luis Felipe and Motta, Nunzio and Villa, Tommaso Francesco},
  booktitle={Aerospace Conference},
  pages={1-10},
  year={2015},
}

@article{Dong2011Hybrid,
  title={Hybrid checkpointing using emerging nonvolatile memories for future exascale systems},
  author={Dong, Xiangyu and Xie, Yuan and Muralimanohar, Naveen and Jouppi, Norman P.},
  journal={Acm Transactions on Architecture \& Code Optimization},
  volume={8},
  number={2},
  pages={510-521},
  year={2011},
}

@inproceedings{Bartling2013An,
  title={An 8MHz 75uA/MHz zero-leakage non-volatile logic-based Cortex-M0 MCU SoC exhibiting 100 percents digital state retention at VDD=0V with <400ns wakeup and sleep transitions},
  author={Bartling, S. C. and Khanna, S. and Clinton, M. P. and Summerfelt, S. R. and Rodriguez, J. A. and Mcadams, H. P.},
  pages={432-433},
  booktitle={IEEE International Solid-State Circuits Conference},
  year={2013},
}
@inproceedings{Guo2010Resistive,
  title={Resistive computation: avoiding the power wall with low-leakage, STT-MRAM based computing.},
  author={Guo, Xiaochen and Ipek, Engin and Soyata, Tolga},
  booktitle={International Symposium on Computer Architecture},
  pages={371-382},
  year={2010},
}
@inproceedings{Wang2012A,
  title={A compression-based area-efficient recovery architecture for nonvolatile processors},
  author={Wang, Yiqun and Liu, Yongpan and Liu, Yumeng and Zhang, Daming and Li, Shuangchen and Sai, Baiko and Chiang, Mei Fang and Yang, Huazhong},
  booktitle={Conference on Design, Automation and Test in Europe},
  pages={1519-1524},
  year={2012},
}
@article{Sakimura201410,
  title={10.5A 90nm 20MHz fully nonvolatile microcontroller for standby-power-critical applications},
  author={Sakimura, Noboru and Tsuji, Yukihide and Nebashi, Ryusuke and Honjo, Hiroaki and Morioka, Ayuka and Fukami, Shunsuke and Miura, Sadahiko and Kasai, Naoki and Endoh, Tetsuo and Ohno, Hideo and Hanyu, Takahiro and Sugibayashi, Tadahiko},
  journal={IEEE International Solid-State Circuits Conference},
  volume={12},
  number={4},
  pages={184-185},
  year={2014},
}
@article{Sakimura2009Nonvolatile,
  title={Nonvolatile Magnetic Flip-Flop for Standby-Power-Free SoCs},
  author={Sakimura, Noboru and Sugibayashi, Tadahiko and Nebashi, Ryusuke and Kasai, Naoki},
  journal={IEEE Journal of Solid-State Circuits},
  volume={44},
  number={8},
  pages={2244-2250},
  year={2009},
}
@article{Mirhoseini2016Chime,
  title={Chime: Checkpointing long computations on intermittently energized IoT devices},
  journal={IEEE Transactions on Multi-Scale Computing Systems},
  author={Mirhoseini, Azalia and Rouhani, Bita Darvish and Songhori, Ebrahim and Koushanfar, Farinaz},
  pages={1-1},
  year={2016},
}
@article{Colin2016An,
  title={An Energy-interference-free Hardware-Software Debugger for Intermittent Energy-harvesting Systems},
  author={Colin, Alexei and Harvey, Graham and Lucia, Brandon and Sample, Alanson P.},
  journal={ASPLOS 2016, Acm Sigops Operating Systems Review},
  volume={50},
  number={2},
  pages={577-589},
  year={2016},
}
@article{Bronevetsky2004Application,
  title={Application-level checkpointing for shared memory programs},
  author={Bronevetsky, Greg and Marques, Daniel and Pingali, Keshav and Szwed, Peter and Schulz, Martin},
  journal={ASPLOS 2004, Acm Sigops Operating Systems Review},
  volume={32},
  number={5},
  pages={235-247},
  year={2004},
}
@inproceedings{Mirhoseini2013Idetic,
  title={Idetic: A high-level synthesis approach for enabling long computations on transiently-powered ASICs},
  author={Mirhoseini, Azalia and Songhori, Ebrahim M. and Koushanfar, Farinaz},
  booktitle={IEEE International Conference on Pervasive Computing and Communications},
  pages={216-224},
  year={2013},
}
@inproceedings{Mirhoseini2013Automated,
  title={Automated checkpointing for enabling intensive applications on energy harvesting devices},
  author={Mirhoseini, Azalia and Songhori, Ebrahim M. and Koushanfar, Farinaz},
  booktitle={IEEE International Symposium on Low Power Electronics and Design},
  pages={27-32},
  year={2013},
}
@inproceedings{Rodriguez2015Approaches,
  title={Approaches to Transient Computing for Energy Harvesting Systems: A Quantitative Evaluation},
  author={Rodriguez Arreola, Alberto and Balsamo, Domenico and Das, Anup K. and Weddell, Alex S. and Brunelli, Davide and Al-Hashimi, Bashir M. and Merrett, Geoff V.},
  booktitle={International Workshop on Energy Harvesting and Energy Neutral Sensing Systems},
  pages={3-8},
  year={2015},
}
